{
  "leader": "02624cam a22005531i 4500",
  "fields": [
    {
      "001": "ocm01027948\\"
    },
    {
      "003": "OCoLC"
    },
    {
      "005": "20230127084402.0"
    },
    {
      "008": "741002s1886\\\\\\\\pauabcf\\\\\\\\\\\\\\001\\0\\eng\\\\"
    },
    {
      "010": {
        "ind1": "\\",
        "ind2": "\\",
        "subfields": [
          {
            "a": "   01014295 "
          }
        ]
      }
    },
    {
      "035": {
        "ind1": "\\",
        "ind2": "\\",
        "subfields": [
          {
            "a": "(OCoLC)1027948"
          }
        ]
      }
    },
    {
      "040": {
        "ind1": "\\",
        "ind2": "\\",
        "subfields": [
          {
            "a": "DLC"
          },
          {
            "b": "eng"
          },
          {
            "c": "DLC"
          },
          {
            "d": "DRB"
          },
          {
            "d": "VVW"
          },
          {
            "d": "ZQP"
          },
          {
            "d": "KRTAS"
          },
          {
            "d": "OCLCF"
          },
          {
            "d": "KSU"
          },
          {
            "d": "OCLCO"
          },
          {
            "d": "AOW"
          }
        ]
      }
    },
    {
      "042": {
        "ind1": "\\",
        "ind2": "\\",
        "subfields": [
          {
            "a": "premarc"
          }
        ]
      }
    },
    {
      "043": {
        "ind1": "\\",
        "ind2": "\\",
        "subfields": [
          {
            "a": "n-us-ny"
          }
        ]
      }
    },
    {
      "050": {
        "ind1": "0",
        "ind2": "0",
        "subfields": [
          {
            "a": "F127.W5"
          },
          {
            "b": "S3"
          }
        ]
      }
    },
    {
      "082": {
        "ind1": "0",
        "ind2": "4",
        "subfields": [
          {
            "a": "974.7277"
          },
          {
            "b": "SCH"
          }
        ]
      }
    },
    {
      "100": {
        "ind1": "1",
        "ind2": "\\",
        "subfields": [
          {
            "a": "Scharf, J. Thomas"
          },
          {
            "q": "(John Thomas),"
          },
          {
            "d": "1843-1898,"
          },
          {
            "e": "ed."
          }
        ]
      }
    },
    {
      "245": {
        "ind1": "1",
        "ind2": "0",
        "subfields": [
          {
            "a": "History of Westchester County, New York :"
          },
          {
            "b": "including Morrisania, Kings Bridge, and West Farms, which have been annexed to New York City /"
          },
          {
            "c": "by J. Thomas Scharf [...] assisted by a staff of carefully selected experts in every department."
          }
        ]
      }
    },
    {
      "260": {
        "ind1": "\\",
        "ind2": "\\",
        "subfields": [
          {
            "a": "Philadelphia :"
          },
          {
            "b": "L. E. Preston & Co. :"
          },
          {
            "b": "Jas. B. Rodgers Printing Company,"
          },
          {
            "c": "1886."
          }
        ]
      }
    },
    {
      "300": {
        "ind1": "\\",
        "ind2": "\\",
        "subfields": [
          {
            "a": "2 v. :"
          },
          {
            "b": "frontispiece, illustrations., plates, portraits., maps (part fold.) ;"
          },
          {
            "c": "28 cm."
          }
        ]
      }
    },
    {
      "336": {
        "ind1": "\\",
        "ind2": "\\",
        "subfields": [
          {
            "a": "text"
          },
          {
            "b": "txt"
          },
          {
            "2": "rdacontent"
          }
        ]
      }
    },
    {
      "337": {
        "ind1": "\\",
        "ind2": "\\",
        "subfields": [
          {
            "a": "unmediated"
          },
          {
            "b": "n"
          },
          {
            "2": "rdamedia"
          }
        ]
      }
    },
    {
      "338": {
        "ind1": "\\",
        "ind2": "\\",
        "subfields": [
          {
            "a": "volume"
          },
          {
            "b": "nc"
          },
          {
            "2": "rdacarrier"
          }
        ]
      }
    },
    {
      "500": {
        "ind1": "\\",
        "ind2": "\\",
        "subfields": [
          {
            "a": "APS holds Volume I only."
          },
          {
            "5": "AOW"
          }
        ]
      }
    },
    {
      "500": {
        "ind1": "\\",
        "ind2": "\\",
        "subfields": [
          {
            "a": "Includes index."
          }
        ]
      }
    },
    {
      "541": {
        "ind1": "1",
        "ind2": "\\",
        "subfields": [
          {
            "a": "Received as part of the formation of the David Center for the American Revolution,"
          },
          {
            "d": "February 2020."
          },
          {
            "5": "AOW"
          }
        ]
      }
    },
    {
      "561": {
        "ind1": "1",
        "ind2": "\\",
        "subfields": [
          {
            "a": "Conservation of this book was made possible by a gift in memory of Meta M. Meyer."
          },
          {
            "5": "AOW"
          }
        ]
      }
    },
    {
      "651": {
        "ind1": "\\",
        "ind2": "0",
        "subfields": [
          {
            "a": "Westchester County (N.Y.)"
          },
          {
            "x": "History."
          }
        ]
      }
    },
    {
      "650": {
        "ind1": "\\",
        "ind2": "0",
        "subfields": [
          {
            "a": "Manors"
          },
          {
            "z": "New York (State)"
          },
          {
            "z": "Westchester County."
          }
        ]
      }
    },
    {
      "651": {
        "ind1": "\\",
        "ind2": "0",
        "subfields": [
          {
            "a": "Bronx (New York, N.Y.)"
          },
          {
            "x": "History."
          }
        ]
      }
    },
    {
      "650": {
        "ind1": "\\",
        "ind2": "7",
        "subfields": [
          {
            "a": "Manors."
          },
          {
            "2": "fast"
          },
          {
            "0": "(OCoLC)fst01007857"
          }
        ]
      }
    },
    {
      "651": {
        "ind1": "\\",
        "ind2": "7",
        "subfields": [
          {
            "a": "New York (State)"
          },
          {
            "z": "New York"
          },
          {
            "z": "Bronx."
          },
          {
            "2": "fast"
          },
          {
            "0": "(OCoLC)fst01313050"
          }
        ]
      }
    },
    {
      "651": {
        "ind1": "\\",
        "ind2": "7",
        "subfields": [
          {
            "a": "New York (State)"
          },
          {
            "z": "Westchester County."
          },
          {
            "2": "fast"
          },
          {
            "0": "(OCoLC)fst01202684"
          }
        ]
      }
    },
    {
      "655": {
        "ind1": "\\",
        "ind2": "7",
        "subfields": [
          {
            "a": "History."
          },
          {
            "2": "fast"
          },
          {
            "0": "(OCoLC)fst01411628"
          }
        ]
      }
    },
    {
      "700": {
        "ind1": "1",
        "ind2": "\\",
        "subfields": [
          {
            "a": "Hall, Henry Bryan,"
          },
          {
            "d": "active 1850-1900,"
          },
          {
            "e": "engraver."
          }
        ]
      }
    },
    {
      "700": {
        "ind1": "1",
        "ind2": "\\",
        "subfields": [
          {
            "a": "Ritchie, Alexander Hay,"
          },
          {
            "d": "1822-1895,"
          },
          {
            "e": "engraver."
          }
        ]
      }
    },
    {
      "700": {
        "ind1": "1",
        "ind2": "\\",
        "subfields": [
          {
            "a": "Sartain, Samuel,"
          },
          {
            "d": "1830-1906,"
          },
          {
            "e": "engraver."
          }
        ]
      }
    },
    {
      "700": {
        "ind1": "1",
        "ind2": "\\",
        "subfields": [
          {
            "a": "Goist, P.F.,"
          },
          {
            "e": "artist."
          }
        ]
      }
    },
    {
      "700": {
        "ind1": "1",
        "ind2": "\\",
        "subfields": [
          {
            "a": "Meyer, Meta M.,"
          },
          {
            "e": "associated name."
          },
          {
            "5": "AOW"
          }
        ]
      }
    },
    {
      "710": {
        "ind1": "2",
        "ind2": "\\",
        "subfields": [
          {
            "a": "L. E. Preston & Co.,"
          },
          {
            "e": "publisher."
          }
        ]
      }
    },
    {
      "710": {
        "ind1": "2",
        "ind2": "\\",
        "subfields": [
          {
            "a": "Jas. B. Rodgers Co.,"
          },
          {
            "e": "printer."
          }
        ]
      }
    },
    {
      "710": {
        "ind1": "2",
        "ind2": "\\",
        "subfields": [
          {
            "a": "H.B. Hall & Sons,"
          },
          {
            "e": "engraver."
          }
        ]
      }
    },
    {
      "710": {
        "ind1": "2",
        "ind2": "\\",
        "subfields": [
          {
            "a": "David Center for the American Revolution."
          },
          {
            "5": "AOW"
          }
        ]
      }
    },
    {
      "710": {
        "ind1": "2",
        "ind2": "\\",
        "subfields": [
          {
            "a": "Joseph Meredith Toner Collection (Library of Congress)"
          },
          {
            "5": "DLC"
          }
        ]
      }
    },
    {
      "776": {
        "ind1": "0",
        "ind2": "8",
        "subfields": [
          {
            "i": "Online version:"
          },
          {
            "a": "Scharf, J. Thomas (John Thomas), 1843-1898."
          },
          {
            "t": "History of Westchester county."
          },
          {
            "d": "Philadelphia : L.E. Preston & Co., 1886"
          },
          {
            "w": "(OCoLC)656930094"
          }
        ]
      }
    },
    {
      "948": {
        "ind1": "\\",
        "ind2": "\\",
        "subfields": [
          {
            "h": "NO HOLDINGS IN NYRVC - 102 OTHER HOLDINGS"
          }
        ]
      }
    },
    {
      "994": {
        "ind1": "\\",
        "ind2": "\\",
        "subfields": [
          {
            "a": "Z0"
          },
          {
            "b": "NYRVC"
          }
        ]
      }
    },
    {
      "999": {
        "ind1": "\\",
        "ind2": "\\",
        "subfields": [
          {
            "a": "No barcode"
          },
          {
            "v": "v. 1"
          }
        ]
      }
    },
    {
      "999": {
        "ind1": "\\",
        "ind2": "\\",
        "subfields": [
          {
            "a": "No barcode"
          },
          {
            "v": "v. 2"
          }
        ]
      }
    }
  ]
}